<?xml version="1.0" encoding="UTF-8"?><collection xmlns="http://www.loc.gov/MARC21/slim"><record><leader>00327nam--2200133-i-4500</leader><controlfield tag="001">000017645</controlfield><controlfield tag="002">20161230</controlfield><controlfield tag="005">20161230201032</controlfield><controlfield tag="008">060222s1000------------r-----000-0-eng-d</controlfield><datafield ind1=" " ind2=" " tag="080"><subfield code="a">621.039(038)=20</subfield></datafield><datafield ind1=" " ind2=" " tag="245"><subfield code="a">Concise encyclopedia of atomic energy</subfield></datafield><datafield ind1=" " ind2=" " tag="260"><subfield code="a">London, P.Owen, 1957. 204 P</subfield></datafield><datafield ind1=" " ind2=" " tag="700"><subfield code="a">Gaynor, Fr</subfield></datafield><datafield ind1=" " ind2=" " tag="852"><subfield code="a">D.56</subfield></datafield></record></collection>